%%% ====================================================================
%%%  BibTeX-file{
%%%     author          = "Gerry Murray",
%%%     version         = "1.2",
%%%     date            = "2 April 2012",
%%%     filename        = "acmsmall-sample-bibfile.bib",
%%%     address         = "ACM, NY",
%%%     email           = "murray at hq.acm.org",
%%%     codetable       = "ISO/ASCII",
%%%     keywords        = "ACM Reference Format, bibliography, citation, references",
%%%     supported       = "yes",
%%%     docstring       = "This BibTeX database file contains 'bibdata' entries
%%%                        that 'match' the examples provided in the Specifications Document
%%%                        AND, also, 'legacy'-type bibs. It should assist authors in 
%%%                        choosing the 'correct' at-bibtype and necessary bib-fields
%%%                        so as to obtain the appropriate ACM Reference Format output. 
%%%			   It also contains many 'Standard Abbreviations'. "
%%%  }
%%% ====================================================================

%%%%====================================================================

//Mine:

@inproceedings{vogel,
  title={Modeling of repositioning activities in bike-sharing systems},
  author={Vogel, Patrick and Mattfeld, Dirk Christian},
  booktitle={World conference on transport research (WCTR)},
  year={2010}
}

@article{fish,
  title={Factors influencing bike share membership: An analysis of Melbourne and Brisbane},
  author={Fishman, Elliot and Washington, Simon and Haworth, Narelle and Watson, Angela},
  journal={Transportation research part A: policy and practice},
  volume={71},
  pages={17--30},
  year={2015},
  publisher={Elsevier}
}

@article{car,
  title={Application of geographically weighted regression to the direct forecasting of transit ridership at station-level},
  author={Cardozo, Osvaldo Daniel and Garc{\'\i}a-Palomares, Juan Carlos and Guti{\'e}rrez, Javier},
  journal={Applied Geography},
  volume={34},
  pages={548--558},
  year={2012},
  publisher={Elsevier}
}

@article{gu,
  title={Transit ridership forecasting at station level: an approach based on distance-decay weighted regression},
  author={Guti{\'e}rrez, Javier and Cardozo, Osvaldo Daniel and Garc{\'\i}a-Palomares, Juan Carlos},
  journal={Journal of Transport Geography},
  volume={19},
  number={6},
  pages={1081--1092},
  year={2011},
  publisher={Elsevier}
}

@article{ji,
  title={Electric bike sharing: simulation of user demand and system availability},
  author={Ji, Shuguang and Cherry, Christopher R and Han, Lee D and Jordan, David A},
  journal={Journal of Cleaner Production},
  volume={85},
  pages={250--257},
  year={2014},
  publisher={Elsevier}
}

@inproceedings{Zheng,
 author = {Zheng, Yu and Liu, Like and Wang, Longhao and Xie, Xing},
 title = {Learning Transportation Mode from Raw Gps Data for Geographic Applications on the Web},
 booktitle = {Proceedings of the 17th International Conference on World Wide Web},
 series = {WWW '08},
 year = {2008},
 isbn = {978-1-60558-085-2},
 location = {Beijing, China},
 pages = {247--256},
 numpages = {10},
 url = {http://doi.acm.org/10.1145/1367497.1367532},
 doi = {10.1145/1367497.1367532},
 acmid = {1367532},
 publisher = {ACM},
 address = {New York, NY, USA},
 keywords = {GPS, classification, geographic application, machine learning, transportation mode},
} 

@inproceedings{Li,
 author = {Li, Yexin and Zheng, Yu and Zhang, Huichu and Chen, Lei},
 title = {Traffic Prediction in a Bike-sharing System},
 booktitle = {Proceedings of the 23rd SIGSPATIAL International Conference on Advances in Geographic Information Systems},
 series = {SIGSPATIAL '15},
 year = {2015},
 isbn = {978-1-4503-3967-4},
 location = {Seattle, Washington},
 pages = {33:1--33:10},
 articleno = {33},
 numpages = {10},
 url = {http://doi.acm.org/10.1145/2820783.2820837},
 doi = {10.1145/2820783.2820837},
 acmid = {2820837},
 publisher = {ACM},
 address = {New York, NY, USA},
 keywords = {bike sharing systems, meteorology, traffic prediction},
} 

@MANUAL{geopy,
  title =    {Python Geopy Toolbox},
  note =   {\url{https://pypi.python.org/pypi/geopy}},
}

@MANUAL{bike,
  title =    {Citi Bike Share system in New York City},
  note =   {\url{https://www.citibikenyc.com}},
}

@MANUAL{spread,
  title =    {How bike share is changing American cities},
  note =   {\url{https://www.curbed.com/2017/3/21/15006248/bike-share-ridership-transit-safety}},
}

@MANUAL{us,
  title =    {Bike Share in the US: 2010-2016},
  note =   {\url{https://nacto.org/bike-share-statistics-2016/}},
}

@MANUAL{data,
  title =    {Citi Bike Share Data},
  note =   {\url{https://www.citibikenyc.com/system-data}},
}


%%%%====================================================================

%Entries

@Article{Abril07,
  author 	= "Patricia S. Abril and Robert Plant",
  title 	= "The patent holder's dilemma: Buy, sell, or troll?",
  journal 	= "Communications of the ACM",
  volume 	= "50",
  number 	= "1",
  month 	= jan,
  year 		= "2007",
  pages 	= "36--44",
  doi 		= "10.1145/1188913.1188915",
  url		= "http://doi.acm.org/10.1145/1219092.1219093",
  note		= "",
}


